@Manual{R-animation,
  title = {animation: A Gallery of Animations in Statistics and Utilities to Create
Animations},
  author = {Yihui Xie},
  year = {2021},
  note = {R package version 2.7},
  url = {https://yihui.org/animation/},
}

@Manual{R-base,
  title = {R: A Language and Environment for Statistical Computing},
  author = {{R Core Team}},
  organization = {R Foundation for Statistical Computing},
  address = {Vienna, Austria},
  year = {2023},
  url = {https://www.R-project.org/},
}

@Manual{R-broom,
  title = {broom: Convert Statistical Objects into Tidy Tibbles},
  author = {David Robinson and Alex Hayes and Simon Couch},
  year = {2023},
  note = {R package version 1.0.5},
  url = {https://CRAN.R-project.org/package=broom},
}

@Manual{R-candisc,
  title = {candisc: Visualizing Generalized Canonical Discriminant and Canonical
Correlation Analysis},
  author = {Michael Friendly and John Fox},
  year = {2021},
  note = {R package version 0.8-6},
  url = {https://CRAN.R-project.org/package=candisc},
}

@Manual{R-car,
  title = {car: Companion to Applied Regression},
  author = {John Fox and Sanford Weisberg and Brad Price},
  year = {2023},
  note = {R package version 3.1-2},
  url = {https://CRAN.R-project.org/package=car},
}

@Manual{R-carData,
  title = {carData: Companion to Applied Regression Data Sets},
  author = {John Fox and Sanford Weisberg and Brad Price},
  year = {2022},
  note = {R package version 3.0-5},
  url = {https://CRAN.R-project.org/package=carData},
}

@Manual{R-corpcor,
  title = {corpcor: Efficient Estimation of Covariance and (Partial) Correlation},
  author = {Juliane Schafer and Rainer Opgen-Rhein and Verena Zuber and Miika Ahdesmaki and A. Pedro Duarte Silva and Korbinian Strimmer.},
  year = {2021},
  note = {R package version 1.6.10},
  url = {https://strimmerlab.github.io/software/corpcor/},
}

@Manual{R-corrgram,
  title = {corrgram: Plot a Correlogram},
  author = {Kevin Wright},
  year = {2021},
  note = {R package version 1.14},
  url = {https://kwstat.github.io/corrgram/},
}

@Manual{R-datasauRus,
  title = {datasauRus: Datasets from the Datasaurus Dozen},
  author = {Rhian Davies and Steph Locke and Lucy {D'Agostino McGowan}},
  year = {2022},
  note = {R package version 0.1.6},
  url = {https://CRAN.R-project.org/package=datasauRus},
}

@Manual{R-dplyr,
  title = {dplyr: A Grammar of Data Manipulation},
  author = {Hadley Wickham and Romain François and Lionel Henry and Kirill Müller and Davis Vaughan},
  year = {2023},
  note = {R package version 1.1.2},
  url = {https://CRAN.R-project.org/package=dplyr},
}

@Manual{R-equatiomatic,
  title = {equatiomatic: Transform Models into LaTeX Equations},
  author = {Daniel Anderson and Andrew Heiss and Jay Sumners},
  year = {2023},
  note = {https://github.com/datalorax/equatiomatic},
}

@Manual{R-forcats,
  title = {forcats: Tools for Working with Categorical Variables (Factors)},
  author = {Hadley Wickham},
  year = {2023},
  note = {R package version 1.0.0},
  url = {https://CRAN.R-project.org/package=forcats},
}

@Manual{R-geomtextpath,
  title = {geomtextpath: Curved Text in ggplot2},
  author = {Allan Cameron and Teun {van den Brand}},
  year = {2022},
  note = {R package version 0.1.1},
  url = {https://allancameron.github.io/geomtextpath/},
}

@Manual{R-ggplot2,
  title = {ggplot2: Create Elegant Data Visualisations Using the Grammar of Graphics},
  author = {Hadley Wickham and Winston Chang and Lionel Henry and Thomas Lin Pedersen and Kohske Takahashi and Claus Wilke and Kara Woo and Hiroaki Yutani and Dewey Dunnington},
  year = {2023},
  note = {R package version 3.4.3},
  url = {https://CRAN.R-project.org/package=ggplot2},
}

@Manual{R-heplots,
  title = {heplots: Visualizing Hypothesis Tests in Multivariate Linear Models},
  author = {Michael Friendly and John Fox and Georges Monette},
  year = {2023},
  note = {R package version 1.5.0},
  url = {http://friendly.github.io/heplots/},
}

@Manual{R-Hotelling,
  title = {Hotelling: Hotelling's T^2 Test and Variants},
  author = {James Curran and Taylor Hersh},
  year = {2021},
  note = {R package version 1.0-8},
  url = {https://github.com/jmcurran/Hotelling},
}

@Manual{R-lubridate,
  title = {lubridate: Make Dealing with Dates a Little Easier},
  author = {Vitalie Spinu and Garrett Grolemund and Hadley Wickham},
  year = {2023},
  note = {R package version 1.9.2},
  url = {https://CRAN.R-project.org/package=lubridate},
}

@Manual{R-nnet,
  title = {nnet: Feed-Forward Neural Networks and Multinomial Log-Linear Models},
  author = {Brian Ripley},
  year = {2023},
  note = {R package version 7.3-19},
  url = {http://www.stats.ox.ac.uk/pub/MASS4/},
}

@Manual{R-purrr,
  title = {purrr: Functional Programming Tools},
  author = {Hadley Wickham and Lionel Henry},
  year = {2023},
  note = {R package version 1.0.1},
  url = {https://CRAN.R-project.org/package=purrr},
}

@Manual{R-readr,
  title = {readr: Read Rectangular Text Data},
  author = {Hadley Wickham and Jim Hester and Jennifer Bryan},
  year = {2023},
  note = {R package version 2.1.4},
  url = {https://CRAN.R-project.org/package=readr},
}

@Manual{R-rgl,
  title = {rgl: 3D Visualization Using OpenGL},
  author = {Daniel Adler and Duncan Murdoch},
  year = {2023},
  note = {R package version 1.2.1},
  url = {https://CRAN.R-project.org/package=rgl},
}

@Manual{R-stringr,
  title = {stringr: Simple, Consistent Wrappers for Common String Operations},
  author = {Hadley Wickham},
  year = {2022},
  note = {R package version 1.5.0},
  url = {https://CRAN.R-project.org/package=stringr},
}

@Manual{R-tibble,
  title = {tibble: Simple Data Frames},
  author = {Kirill Müller and Hadley Wickham},
  year = {2023},
  note = {R package version 3.2.1},
  url = {https://CRAN.R-project.org/package=tibble},
}

@Manual{R-tidyr,
  title = {tidyr: Tidy Messy Data},
  author = {Hadley Wickham and Davis Vaughan and Maximilian Girlich},
  year = {2023},
  note = {R package version 1.3.0},
  url = {https://CRAN.R-project.org/package=tidyr},
}

@Manual{R-tidyverse,
  title = {tidyverse: Easily Install and Load the Tidyverse},
  author = {Hadley Wickham},
  year = {2023},
  note = {R package version 2.0.0},
  url = {https://CRAN.R-project.org/package=tidyverse},
}

@Article{animation2013,
  title = {{animation}: An {R} Package for Creating Animations and Demonstrating Statistical Methods},
  author = {Yihui Xie},
  journal = {Journal of Statistical Software},
  year = {2013},
  volume = {53},
  number = {1},
  pages = {1--27},
  url = {https://doi.org/10.18637/jss.v053.i01},
}

@Book{car2019,
  title = {An {R} Companion to Applied Regression},
  edition = {Third},
  author = {John Fox and Sanford Weisberg},
  year = {2019},
  publisher = {Sage},
  address = {Thousand Oaks {CA}},
  url = {https://socialsciences.mcmaster.ca/jfox/Books/Companion/},
}

@Book{ggplot22016,
  author = {Hadley Wickham},
  title = {ggplot2: Elegant Graphics for Data Analysis},
  publisher = {Springer-Verlag New York},
  year = {2016},
  isbn = {978-3-319-24277-4},
  url = {https://ggplot2.tidyverse.org},
}

@Article{heplots2007,
  title = {HE plots for Multivariate General Linear Models},
  author = {Michael Friendly},
  year = {2007},
  journal = {Journal of Computational and Graphical Statistics},
  volume = {16},
  number = {4},
  pages = {421--444},
}

@Article{heplots2010,
  title = {HE Plots for Repeated Measures Designs},
  author = {Michael Friendly},
  journal = {Journal of Statistical Software},
  year = {2010},
  volume = {37},
  number = {4},
  pages = {1--40},
  doi = {10.18637/jss.v037.i04},
}

@Article{lubridate2011,
  title = {Dates and Times Made Easy with {lubridate}},
  author = {Garrett Grolemund and Hadley Wickham},
  journal = {Journal of Statistical Software},
  year = {2011},
  volume = {40},
  number = {3},
  pages = {1--25},
  url = {https://www.jstatsoft.org/v40/i03/},
}

@Book{nnet2002,
  title = {Modern Applied Statistics with S},
  author = {W. N. Venables and B. D. Ripley},
  publisher = {Springer},
  edition = {Fourth},
  address = {New York},
  year = {2002},
  note = {ISBN 0-387-95457-0},
  url = {https://www.stats.ox.ac.uk/pub/MASS4/},
}

@Article{tidyverse2019,
  title = {Welcome to the {tidyverse}},
  author = {Hadley Wickham and Mara Averick and Jennifer Bryan and Winston Chang and Lucy D'Agostino McGowan and Romain François and Garrett Grolemund and Alex Hayes and Lionel Henry and Jim Hester and Max Kuhn and Thomas Lin Pedersen and Evan Miller and Stephan Milton Bache and Kirill Müller and Jeroen Ooms and David Robinson and Dana Paige Seidel and Vitalie Spinu and Kohske Takahashi and Davis Vaughan and Claus Wilke and Kara Woo and Hiroaki Yutani},
  year = {2019},
  journal = {Journal of Open Source Software},
  volume = {4},
  number = {43},
  pages = {1686},
  doi = {10.21105/joss.01686},
}

