%% This BibTeX bibliography file was created using BibDesk.
%% http://bibdesk.sourceforge.net/

%% Created for Matthew Sigal at 2016-10-18 14:24:10 -0400 


%% Saved with string encoding Unicode (UTF-8) 



@book{Fox2008,
	Address = {Thousand Oaks, CA},
	Author = {Fox, John},
	Booktitle = {Applied regression analysis and generalized linear models},
	Date-Added = {2016-10-18 18:23:16 +0000},
	Date-Modified = {2016-10-18 18:24:06 +0000},
	Edition = {2},
	Isbn = {0761930426},
	Publisher = {Sage Publications},
	Title = {Applied regression analysis and generalized linear models},
	Year = {2008}}

@book{Matloff2011,
	Address = {San Francisco, CA},
	Author = {Matloff, Norman},
	Date-Added = {2016-08-18 15:51:03 +0000},
	Date-Modified = {2016-10-18 16:16:00 +0000},
	Isbn = {1593273843},
	Publisher = {No Starch Press},
	Shorttitle = {The Art of R Programming},
	Title = {The art of {R} programming: {A} tour of statistical software design},
	Year = {2011}}

@book{Fox2010,
	Address = {Thousand Oaks, CA},
	Author = {Fox, John and Weisberg, Harvey Sanford},
	Date-Added = {2016-08-18 15:50:55 +0000},
	Date-Modified = {2016-10-18 16:15:05 +0000},
	Edition = {2nd},
	Isbn = {{141297514X}},
	Publisher = {Sage Publications},
	Title = {An {R} companion to applied regression},
	Year = {2010}}

@book{Teetor2011,
	Address = {Sebastopol, CA},
	Author = {Teetor, Paul},
	Date-Added = {2016-08-18 15:50:55 +0000},
	Date-Modified = {2016-10-18 16:16:26 +0000},
	Isbn = {0596809158},
	Publisher = {{O'Reilly} Media},
	Title = {{R cookbook}},
	Year = {2011}}

@book{Wickham2014,
	Address = {{Boca Raton, FL}},
	Author = {Wickham, Hadley},
	Date-Added = {2016-08-18 15:50:55 +0000},
	Date-Modified = {2016-08-18 15:50:55 +0000},
	Publisher = {{Chapman and Hall/CRC}},
	Title = {{Advanced R}},
	Year = {2014}}

@book{Cotton2013,
	Address = {Sebastopol, CA},
	Author = {Cotton, R.},
	Date-Modified = {2016-10-18 16:13:36 +0000},
	Isbn = {9781449357184},
	Publisher = {O'Reilly Media},
	Title = {{Learning R}},
	Year = {2013}}
