@BOOK{Abbott:1884,
  title = {Flatland: A Romance of Many Dimensions},
  publisher = {Buccaneer Books},
  year = {1884},
  author = {Abbott, Edwin A.},
  address = {Cutchogue, NY},
  note = {(1976 reprint of the 1884 edition)}
}

@Article{Cajori:1926,
  author    = {Florian Cajori},
  journal   = {The American Mathematical Monthly},
  title     = {Origins of Fourth Dimension Concepts},
  year      = {1926},
  month     = {oct},
  number    = {8},
  pages     = {397--406},
  volume    = {33},
  doi       = {10.1080/00029890.1926.11986607},
  publisher = {Informa {UK} Limited},
}

@book{FarquharFarquhar:91,
	Address = {New York},
	Author = {A. B. Farquhar and H. Farquhar},
	Publisher = {Putnam},
	Title = {Economic and Industrial Delusions: A Discourse of the Case for Protection},
	Year = {1891}}

